<?xml version="1.0" encoding="UTF-8" ?><marc:collection xmlns:marc="http://www.loc.gov/MARC21/slim" xmlns:xsi="http://www.w3.org/2001/XMLSchema-instance" xsi:schemaLocation="http://www.loc.gov/MARC21/slim http://www.loc.gov/standards/marcxml/schema/MARC21slim.xsd">
<marc:record><marc:leader>03180cam a2200565Mi 4500</marc:leader>
<marc:controlfield tag="001">b12324358</marc:controlfield>
<marc:controlfield tag="003">UaCaAUL</marc:controlfield><marc:controlfield tag="005">20190418024353.0</marc:controlfield><marc:controlfield tag="008">990921m19451950ua       b    000 0 ara d</marc:controlfield><marc:datafield tag="035" ind1=" " ind2=" "><marc:subfield code="a">(OCoLC)318939250</marc:subfield></marc:datafield><marc:datafield tag="040" ind1=" " ind2=" "><marc:subfield code="a">MEAUC</marc:subfield><marc:subfield code="b">eng</marc:subfield><marc:subfield code="e">rda</marc:subfield><marc:subfield code="c">MEAUC</marc:subfield><marc:subfield code="d">OCLCF</marc:subfield><marc:subfield code="d">OCLCO</marc:subfield><marc:subfield code="d">OCLCQ</marc:subfield><marc:subfield code="d">OCLCO</marc:subfield><marc:subfield code="d">MEAUC</marc:subfield></marc:datafield><marc:datafield tag="049" ind1=" " ind2=" "><marc:subfield code="a">MAIN</marc:subfield></marc:datafield><marc:datafield tag="050" ind1=" " ind2="4"><marc:subfield code="a">PJ7510</marc:subfield><marc:subfield code="b">.I 83 1945</marc:subfield></marc:datafield><marc:datafield tag="066" ind1=" " ind2=" "><marc:subfield code="c">(3</marc:subfield></marc:datafield><marc:datafield tag="090" ind1=" " ind2=" "><marc:subfield code="a">PJ7510</marc:subfield><marc:subfield code="b">.I 83 1945</marc:subfield></marc:datafield><marc:datafield tag="245" ind1="0" ind2="3"><marc:subfield code="6">880-01</marc:subfield><marc:subfield code="a">al-Muntakhab min adab al-ʻArab /</marc:subfield><marc:subfield code="c">jamaʻahu wa-sharaḥahu Aḥmad al-Iskandarī, Aḥmad Amīn bik, ʻAlī al-Jārim bik, ʻAbd al-ʻAzīz al-Bishrī [and] al-duktūr Aḥmad Ḍayf.</marc:subfield></marc:datafield><marc:datafield tag="264" ind1=" " ind2="1"><marc:subfield code="6">880-02</marc:subfield><marc:subfield code="a">al-Qāhirah :</marc:subfield><marc:subfield code="b">al-Maṭbaʻah al-Amīrīyah bi-al-Qāhirah,</marc:subfield><marc:subfield code="c">1945-1950.</marc:subfield></marc:datafield><marc:datafield tag="300" ind1=" " ind2=" "><marc:subfield code="a">4 volumes in 2 ;</marc:subfield><marc:subfield code="c">24 cm.</marc:subfield></marc:datafield><marc:datafield tag="336" ind1=" " ind2=" "><marc:subfield code="a">text</marc:subfield><marc:subfield code="b">txt</marc:subfield><marc:subfield code="2">rdacontent.</marc:subfield></marc:datafield><marc:datafield tag="337" ind1=" " ind2=" "><marc:subfield code="a">unmediated</marc:subfield><marc:subfield code="b">n</marc:subfield><marc:subfield code="2">rdamedia.</marc:subfield></marc:datafield><marc:datafield tag="338" ind1=" " ind2=" "><marc:subfield code="a">volume</marc:subfield><marc:subfield code="b">nc</marc:subfield><marc:subfield code="2">rdacarrier.</marc:subfield></marc:datafield><marc:datafield tag="500" ind1=" " ind2=" "><marc:subfield code="a">Volume 1 published, 1950.</marc:subfield></marc:datafield><marc:datafield tag="500" ind1=" " ind2=" "><marc:subfield code="6">880-03</marc:subfield><marc:subfield code="a">At head of title: Wizārat al-Maʻārif al-ʻUmūmīyah.</marc:subfield></marc:datafield><marc:datafield tag="588" ind1=" " ind2=" "><marc:subfield code="6">880-04</marc:subfield><marc:subfield code="a">Description based on, al-juzʼ al-thānī.</marc:subfield></marc:datafield><marc:datafield tag="504" ind1=" " ind2=" "><marc:subfield code="a">Includes bibliographical references.</marc:subfield></marc:datafield><marc:datafield tag="505" ind1="0" ind2=" "><marc:subfield code="6">880-05</marc:subfield><marc:subfield code="a">al-juzʼ al-awwal. Lil-sanah al-ūlá al-thānawīyah -- al-juzʼ al-thānī. Lil-sanah al-thāniyah al-thānawīyah -- al-juzʼ al-thālith. Lil-sanah al-thānīyah al-thānawīyah -- al-juzʼ al-rābiʻ. Lil-sanah al-rābiʻah al-thānawīyah.</marc:subfield></marc:datafield><marc:datafield tag="500" ind1=" " ind2=" "><marc:subfield code="a">Non-Latin script record.</marc:subfield></marc:datafield><marc:datafield tag="650" ind1=" " ind2="0"><marc:subfield code="a">Arabic literature</marc:subfield><marc:subfield code="x">History and criticism.</marc:subfield></marc:datafield><marc:datafield tag="650" ind1=" " ind2="0"><marc:subfield code="a">Arabic language</marc:subfield><marc:subfield code="v">Readers.</marc:subfield></marc:datafield><marc:datafield tag="700" ind1="1" ind2=" "><marc:subfield code="6">880-06</marc:subfield><marc:subfield code="a">Iskandarī, Aḥmad.</marc:subfield></marc:datafield><marc:datafield tag="700" ind1="1" ind2=" "><marc:subfield code="6">880-07</marc:subfield><marc:subfield code="a">Amīn, Aḥmad.</marc:subfield></marc:datafield><marc:datafield tag="700" ind1="1" ind2=" "><marc:subfield code="6">880-08</marc:subfield><marc:subfield code="a">Jārim, Aḥmad.</marc:subfield></marc:datafield><marc:datafield tag="700" ind1="1" ind2=" "><marc:subfield code="6">880-09</marc:subfield><marc:subfield code="a">Bishrī, ʻAbd al-ʻAzīz.</marc:subfield></marc:datafield><marc:datafield tag="700" ind1="1" ind2=" "><marc:subfield code="6">880-10</marc:subfield><marc:subfield code="a">Ḍayf, Aḥmad.</marc:subfield></marc:datafield><marc:datafield tag="710" ind1="1" ind2=" "><marc:subfield code="6">880-11</marc:subfield><marc:subfield code="a">Egypt.</marc:subfield><marc:subfield code="b">Wizārat al-Maʻārif al-ʻUmūmīyah.</marc:subfield></marc:datafield><marc:datafield tag="880" ind1=" " ind2="1"><marc:subfield code="6">264-02/(3/r</marc:subfield><marc:subfield code="a">القاهرة :‪</marc:subfield><marc:subfield code="b">المطبعة الأميرية بالقاهرة،‪</marc:subfield><marc:subfield code="c">1945-1950.</marc:subfield></marc:datafield><marc:datafield tag="880" ind1="0" ind2="2"><marc:subfield code="6">245-01/(3/r</marc:subfield><marc:subfield code="a">المنتخب من أدب العرب /‪</marc:subfield><marc:subfield code="c">جمعه وشرحه أحمد الاسكندري، أحمد أمين بك، علي الجارم بك، عبد العزيز البشري [and] الدكتور أحمد ضيف..</marc:subfield></marc:datafield><marc:datafield tag="880" ind1=" " ind2=" "><marc:subfield code="6">500-03/(3/r</marc:subfield><marc:subfield code="a">At head of title: وزارة المعارف العمومية..</marc:subfield></marc:datafield><marc:datafield tag="880" ind1="1" ind2=" "><marc:subfield code="6">700-06/(3/r</marc:subfield><marc:subfield code="a">اسكندري، أحمد..</marc:subfield></marc:datafield><marc:datafield tag="880" ind1=" " ind2=" "><marc:subfield code="6">588-04/(3/r</marc:subfield><marc:subfield code="a">Description based on, الجزء الثاني..</marc:subfield></marc:datafield><marc:datafield tag="880" ind1="0" ind2=" "><marc:subfield code="6">505-05/(3/r</marc:subfield><marc:subfield code="a">الجزء الأول. للسنة الأولى الثانوية -- الجزء الثاني. للسنة الثانية الثانوية -- الجزء الثالث. للسنة الثانية الثانوية -- الجزء الرابع. للسنة الرابعة الثانوية..</marc:subfield></marc:datafield><marc:datafield tag="880" ind1="1" ind2=" "><marc:subfield code="6">700-07/(3/r</marc:subfield><marc:subfield code="a">أمين، أحمد..</marc:subfield></marc:datafield><marc:datafield tag="880" ind1="1" ind2=" "><marc:subfield code="6">700-08/(3/r</marc:subfield><marc:subfield code="a">جارم، أحمد..</marc:subfield></marc:datafield><marc:datafield tag="880" ind1="1" ind2=" "><marc:subfield code="6">700-09/(3/r</marc:subfield><marc:subfield code="a">بشري، عبد العزيز..</marc:subfield></marc:datafield><marc:datafield tag="880" ind1="1" ind2=" "><marc:subfield code="6">700-10/(3/r</marc:subfield><marc:subfield code="a">ضيف، أحمد..</marc:subfield></marc:datafield><marc:datafield tag="880" ind1="1" ind2=" "><marc:subfield code="6">710-11/(3/r</marc:subfield><marc:subfield code="a">مصر.‪</marc:subfield><marc:subfield code="b">وزارة المعارف العمومية..</marc:subfield></marc:datafield><marc:datafield tag="907" ind1=" " ind2=" "><marc:subfield code="a">.b12324358</marc:subfield><marc:subfield code="b">main </marc:subfield></marc:datafield><marc:datafield tag="902" ind1=" " ind2=" "><marc:subfield code="a">191013</marc:subfield></marc:datafield><marc:datafield tag="998" ind1=" " ind2=" "><marc:subfield code="b">4</marc:subfield><marc:subfield code="c">990926</marc:subfield><marc:subfield code="d">m</marc:subfield><marc:subfield code="e">~</marc:subfield><marc:subfield code="f">-</marc:subfield><marc:subfield code="g">3</marc:subfield><marc:subfield code="k">TA</marc:subfield></marc:datafield><marc:datafield tag="945" ind1=" " ind2=" "><marc:subfield code="l">main </marc:subfield><marc:subfield code="u">v.v.1-2    </marc:subfield></marc:datafield></marc:record>
</marc:collection>
